<?xml version="1.0" encoding="UTF-8"?>
<collection xmlns:xsi="http://www.w3.org/2001/XMLSchema-instance" xsi:schemaLocation="http://www.loc.gov/MARC21/slim http://www.loc.gov/standards/marcxml/schema/MARC21slim.xsd" xmlns="http://www.loc.gov/MARC21/slim">
<record>
  <leader>01120cam a2200277M  4500</leader>
  <controlfield tag="001">3058909</controlfield>
  <controlfield tag="003">NNC</controlfield>
  <controlfield tag="005">20130426014648.0</controlfield>
  <controlfield tag="008">840909s1963    iq c          000 0barao </controlfield>
  <datafield tag="010" ind1=" " ind2=" ">
    <subfield code="a">   73202075 </subfield>
  </datafield>
  <datafield tag="035" ind1=" " ind2=" ">
    <subfield code="a">(OCoLC)ocm21661574</subfield>
  </datafield>
  <datafield tag="035" ind1=" " ind2=" ">
    <subfield code="9">ATM7516CU</subfield>
  </datafield>
  <datafield tag="035" ind1=" " ind2=" ">
    <subfield code="a">(NNC)3058909</subfield>
  </datafield>
  <datafield tag="040" ind1=" " ind2=" ">
    <subfield code="a">DLC</subfield>
    <subfield code="c">CUY</subfield>
    <subfield code="d">ZCU</subfield>
  </datafield>
  <datafield tag="043" ind1=" " ind2=" ">
    <subfield code="a">a-iq---</subfield>
  </datafield>
  <datafield tag="050" ind1="0" ind2=" ">
    <subfield code="a">BP193.1</subfield>
    <subfield code="b">.I27 1963</subfield>
  </datafield>
  <datafield tag="099" ind1=" " ind2=" ">
    <subfield code="a">893.796</subfield>
    <subfield code="a">Ib535</subfield>
  </datafield>
  <datafield tag="100" ind1="1" ind2=" ">
    <subfield code="a">Ibn Ṭāwūs, Ghiyāth al-Dīn ʻAbd al-Karīm ibn Aḥmad,</subfield>
    <subfield code="d">approximately 1251-1294.</subfield>
  </datafield>
  <datafield tag="245" ind1="1" ind2="0">
    <subfield code="a">Farḥat al-gharī fī taʻyīn qabr Amīr al-Muʹminīn ʻAlī ibn Abī Ṭālib fī al-Najaf,</subfield>
    <subfield code="c">taʹlīf Ghiyāth al-Dīn al-Sayyid ʻAbd al-Karīm ibn Ṭāwūs.</subfield>
  </datafield>
  <datafield tag="250" ind1=" " ind2=" ">
    <subfield code="a">[al-Ṭabʻah 2.]</subfield>
  </datafield>
  <datafield tag="260" ind1=" " ind2=" ">
    <subfield code="a">al-Najaf,</subfield>
    <subfield code="b">al-Maṭbaʻah al-Ḥaydarīyah wa-Maktabatuhā</subfield>
    <subfield code="c">[1963]</subfield>
  </datafield>
  <datafield tag="300" ind1=" " ind2=" ">
    <subfield code="a">164 p. :</subfield>
    <subfield code="b">port. ;</subfield>
    <subfield code="c">22 cm.</subfield>
  </datafield>
  <datafield tag="500" ind1=" " ind2=" ">
    <subfield code="a">Cover title: Farhah al-ghari, talif, al-Nageeb Ghiath al-Din al-Saied Abed al-Karim (Ebn Tawoos)</subfield>
  </datafield>
  <datafield tag="600" ind1="0" ind2="0">
    <subfield code="a">ʻAlī ibn Abī Ṭālib,</subfield>
    <subfield code="c">Caliph,</subfield>
    <subfield code="d">approximately 600-661</subfield>
    <subfield code="x">Tomb.</subfield>
  </datafield>
  <datafield tag="651" ind1=" " ind2="0">
    <subfield code="a">Najaf (Iraq). Mashhad ʻAlī.</subfield>
  </datafield>
  <datafield tag="955" ind1=" " ind2=" ">
    <subfield code="b">CU58836675</subfield>
    <subfield code="d">off,glx</subfield>
    <subfield code="e">893.796 Ib535</subfield>
  </datafield>
</record>
</collection>